<?xml version="1.0" encoding="UTF-8"?><collection><record><leader>05653ntm a2200709 a 4500</leader><controlfield tag="001">006825725</controlfield><controlfield tag="003">MiAaHDL</controlfield><controlfield tag="005">20190719000000.0</controlfield><controlfield tag="006">m        d        </controlfield><controlfield tag="007">cr bn ---auaua</controlfield><controlfield tag="008">090626s193u    xx            00| ||ara d</controlfield><datafield tag="035" ind1=" " ind2=" "><subfield code="a">(MiU)006825725</subfield></datafield><datafield tag="035" ind1=" " ind2=" "><subfield code="a">sdr-miu006825725</subfield></datafield><datafield tag="040" ind1=" " ind2=" "><subfield code="a">MiU</subfield><subfield code="c">MiU</subfield><subfield code="e">amremm</subfield></datafield><datafield tag="043" ind1=" " ind2=" "><subfield code="a">n-us-mi</subfield></datafield><datafield tag="100" ind1="1" ind2=" "><subfield code="6">880-01</subfield><subfield code="a">Ṣadr al-Dīn Shīrāzī Muḥammad ibn Ibrāhīm,</subfield><subfield code="d">d. 1641.</subfield></datafield><datafield tag="245" ind1="1" ind2="0"><subfield code="6">880-03</subfield><subfield code="a">Majmūʻat rasāʼil Mullā Ṣadrā,</subfield><subfield code="f">[193-?].</subfield></datafield><datafield tag="246" ind1="3" ind2="8"><subfield code="a">مجموعة رسائل ملا صدرا محمد بن ابراهيم</subfield></datafield><datafield tag="260" ind1=" " ind2=" "><subfield code="c">[193-?].</subfield></datafield><datafield tag="300" ind1=" " ind2=" "><subfield code="a">112 leaves :</subfield><subfield code="b">paper ;</subfield><subfield code="c">315 x 210 mm. bound to 320 x 220 mm.</subfield></datafield><datafield tag="500" ind1=" " ind2=" "><subfield code="a">Shelfmark: Ann Arbor, University of Michigan, Special Collections Library, Isl. Ms. 931</subfield></datafield><datafield tag="500" ind1=" " ind2=" "><subfield code="a">Origin: Lacks dated colophon ; likely copied in Egypt in the late 1930s and bound for James Heyworth-Dunne (d.1974).</subfield></datafield><datafield tag="500" ind1=" " ind2=" "><subfield code="a">Former shelfmark: Mich. Isl. Ms. temp. no. 80</subfield></datafield><datafield tag="500" ind1=" " ind2=" "><subfield code="a">Binding: Boards covered in dark green cloth with dark green leather over spine (quarter binding) ; pastedowns and flyleaves in wove paper printed with a floral vegetal pattern in green ; spine gold-stamped with title and decorative accents over raised bands "مجموعة رسائل ملا صدرا | محمد بن ابراهيم | J.H.D." ; sewing difficult to examine ; stuck-on endbands (blue and white stripe) ; overall in fairly good condition.</subfield></datafield><datafield tag="500" ind1=" " ind2=" "><subfield code="a">Support: Lined / ruled wove paper.</subfield></datafield><datafield tag="500" ind1=" " ind2=" "><subfield code="a">Script: Ruqʻah ; compact hand in a medium line ; serifless and freely ligatured with slight effect of tilt to the right, mainly closed counters, pointing in strokes rather than distinct dots.</subfield></datafield><datafield tag="500" ind1=" " ind2=" "><subfield code="a">Layout: Written in 26 lines per page.</subfield></datafield><datafield tag="500" ind1=" " ind2=" "><subfield code="a">Collation: i, 14 IV(112), i ; exclusively quaternions ; quire numbering in the form of Hindu-Arabic numerals with letter ك on opening recto of each quire ; calculations by the copyist to determine page count by multiplying number of pages in each quire blank (16) by number of quires seen at close or opening of a few quires (see pp.192, 193, 209, etc.) ; blank leaf inserted between page ١٥٢ and page ١٥٣ ; pagination in black ink, Hindu-Arabic numerals ; pagination in pencil, Western numerals, supplied during digitization.</subfield></datafield><datafield tag="500" ind1=" " ind2=" "><subfield code="a">Title from inscription on 'title page' (p.1).</subfield></datafield><datafield tag="500" ind1=" " ind2=" "><subfield code="a">Ms. codex.</subfield></datafield><datafield tag="505" ind1="0" ind2=" "><subfield code="a">5. p.59-p.224 : Shadharāt ṣāliḥah min Kitāb ʻIlm al-yaqīn / Muḥammad ibn Ibrāhīm Ṣadr al-Dīn al-Shīrāzī.</subfield></datafield><datafield tag="505" ind1="0" ind2=" "><subfield code="a">4. p.36-p.59 : Sharḥ Risālat al-Mawlá Arslān fī ḥaqīqat al-tawḥīd / Arslān ibn Yaʻqūb al-Jaʻbarī.</subfield></datafield><datafield tag="505" ind1="0" ind2=" "><subfield code="a">3. p.25-p.35 : al-Risālah al-thālithah al-Ṣadrīyah fī ajwibat Mullā Ṣadrā ʻan masāʼil al-Shams al-Jīlānī.</subfield></datafield><datafield tag="505" ind1="0" ind2=" "><subfield code="a">2. p.12-p.24 : al-Risālah al-thānīyah min rasāʼil al-Ṣadr fī jawābih ʻan masāʼil Naṣīr al-Dīn al-Ṭūṣī / Muḥammad ibn Ibrāhīm Ṣadr al-Dīn al-Shīrāzī.</subfield></datafield><datafield tag="505" ind1="0" ind2=" "><subfield code="a">1. p.1-p.12 : al-Risālah al-ūlá fī Sirr al-nuqṭah / Muḥammad ibn Ibrāhīm Ṣadr al-Dīn al-Shīrāzī.</subfield></datafield><datafield tag="510" ind1="4" ind2=" "><subfield code="a">Brockelmann, C. GAL,</subfield><subfield code="c">II 413 ; S II 588 ff.</subfield></datafield><datafield tag="520" ind1="8" ind2=" "><subfield code="a">Careful copy of a collection (majmūʻah / mecmua) of works by Mullā Ṣadrā Shīrāzī (d.1641), renowned philosopher of the Ṣafavid period.</subfield></datafield><datafield tag="538" ind1=" " ind2=" "><subfield code="a">Mode of access: Internet.</subfield></datafield><datafield tag="541" ind1=" " ind2=" "><subfield code="a">Acquired in the Fall of 1950.</subfield></datafield><datafield tag="546" ind1=" " ind2=" "><subfield code="a">Arabic.</subfield></datafield><datafield tag="561" ind1=" " ind2=" "><subfield code="a">On upper pastedown, label with ex libris of James Heyworth-Dunne (d.1974), stamped with inventory number, "Ex Libris | J. Heyworth-Dunne | D. Lit. (London) | No 7972" ; UM Library inscription on 'title page' (p.1) "Dunning | Heyworth-Dunne | 6-11-51 | 71955" ; possible former inventory mark in pencil on verso of final leaf (p.224) "231 / 53" ; marginal glosses.</subfield></datafield><datafield tag="600" ind1="1" ind2="2"><subfield code="a">Jaʻbarī, Arslān ibn Yaʻqūb,</subfield><subfield code="d">d. 1300.</subfield><subfield code="t">Risālat al-tawḥīd.</subfield></datafield><datafield tag="650" ind1=" " ind2="0"><subfield code="a">Manuscripts, Arabic</subfield><subfield code="z">Michigan</subfield><subfield code="z">Ann Arbor.</subfield></datafield><datafield tag="650" ind1=" " ind2="0"><subfield code="a">Islamic philosophy</subfield><subfield code="v">Early works to 1800.</subfield></datafield><datafield tag="700" ind1="1" ind2=" "><subfield code="a">Heyworth-Dunne, J.</subfield><subfield code="q">(James),</subfield><subfield code="e">former owner.</subfield></datafield><datafield tag="740" ind1="0" ind2="2"><subfield code="6">880-09</subfield><subfield code="a">Shadharāt ṣāliḥah min Kitāb ʻIlm al-yaqīn</subfield></datafield><datafield tag="740" ind1="0" ind2="2"><subfield code="6">880-08</subfield><subfield code="a">Risālat al-Mawlá Arslān fī ḥaqīqat al-tawḥīd</subfield></datafield><datafield tag="740" ind1="0" ind2="2"><subfield code="6">880-07</subfield><subfield code="a">Sharḥ Risālat al-Mawlá Arslān fī ḥaqīqat al-tawḥīd</subfield></datafield><datafield tag="740" ind1="0" ind2="2"><subfield code="6">880-06</subfield><subfield code="a">Risālah al-thālithah al-Ṣadrīyah fī ajwibat Mullā Ṣadrā ʻan masāʼil al-Shams al-Jīlānī</subfield></datafield><datafield tag="740" ind1="0" ind2="2"><subfield code="a">رسالة النصيرية</subfield></datafield><datafield tag="740" ind1="0" ind2="2"><subfield code="6">880-05</subfield><subfield code="a">Risālah al-thānīyah min rasāʼil al-Ṣadr fī jawābih ʻan masāʼil Naṣīr al-Dīn al-Ṭūṣī</subfield></datafield><datafield tag="740" ind1="0" ind2="2"><subfield code="a">رسالة النقطة</subfield></datafield><datafield tag="740" ind1="0" ind2="2"><subfield code="6">880-04</subfield><subfield code="a">Sirr al-nuqṭah</subfield></datafield><datafield tag="773" ind1="0" ind2=" "><subfield code="a">Heyworth-Dunne Collection.</subfield></datafield><datafield tag="880" ind1="0" ind2="2"><subfield code="6">740-09/</subfield><subfield code="a">شذرات صالحة من كتاب علم اليقين</subfield></datafield><datafield tag="880" ind1="0" ind2="2"><subfield code="6">740-08/</subfield><subfield code="a">رسالة المولى ارسلان في حقيقة التوحيد</subfield></datafield><datafield tag="880" ind1="0" ind2="2"><subfield code="6">740-07/</subfield><subfield code="a">شرح رسالة المولى ارسلان في حقيقة التوحيد</subfield></datafield><datafield tag="880" ind1="0" ind2="2"><subfield code="6">740-06/</subfield><subfield code="a">رسالة الثالثة الصدرية في اجوبة ملا صدرا عن مسائل الشمس الجيلاني</subfield></datafield><datafield tag="880" ind1="0" ind2="2"><subfield code="6">740-05/</subfield><subfield code="a">رسالة الثانية من رسائل الصدر في جوابه عن مسائل نصير الدين الطوسي</subfield></datafield><datafield tag="880" ind1="0" ind2="2"><subfield code="6">740-04/</subfield><subfield code="a">سر النقطة</subfield></datafield><datafield tag="880" ind1="1" ind2="0"><subfield code="6">245-03/</subfield><subfield code="a">مجموعة رسائل ملا صدرا,</subfield><subfield code="f">[193-م?].</subfield></datafield><datafield tag="880" ind1="1" ind2=" "><subfield code="6">100-01/</subfield><subfield code="a">صدر الدين شيرازي، محمد بن ابراهيم.</subfield></datafield><datafield tag="CID" ind1=" " ind2=" "><subfield code="a">006825725</subfield></datafield><datafield tag="DAT" ind1="0" ind2=" "><subfield code="a">20190719102640.0</subfield><subfield code="b">20190719000000.0</subfield></datafield><datafield tag="DAT" ind1="1" ind2=" "><subfield code="a">20190719090653.0</subfield><subfield code="b">2019-07-19T16:11:29Z</subfield></datafield><datafield tag="DAT" ind1="2" ind2=" "><subfield code="a">2015-10-02T18:00:03Z</subfield></datafield><datafield tag="CAT" ind1=" " ind2=" "><subfield code="a">SDR-MIU</subfield><subfield code="d">EX LIBRIS - ALEPH</subfield><subfield code="l">prepare.pl-004-008</subfield></datafield><datafield tag="FMT" ind1=" " ind2=" "><subfield code="a">BK</subfield></datafield><datafield tag="HOL" ind1=" " ind2=" "><subfield code="0">sdr-miu006825725</subfield><subfield code="a">MiU</subfield><subfield code="b">SDR</subfield><subfield code="c">MIU</subfield><subfield code="p">mdp.39015079131127</subfield><subfield code="s">MIU</subfield><subfield code="1">006825725</subfield></datafield><datafield tag="974" ind1=" " ind2=" "><subfield code="b">MIU</subfield><subfield code="c">MIU</subfield><subfield code="d">20190719</subfield><subfield code="s">lit-dlps-dc</subfield><subfield code="u">mdp.39015079131127</subfield><subfield code="y">1939</subfield><subfield code="r">ic-world</subfield><subfield code="q">man</subfield></datafield></record></collection>